%%% References %%%

@article{besley2003incentives,
  title={{Incentives, Choice, and Accountability in the Provision of Public Services}},
  author={Besley, Timothy and Ghatak, Maitreesh},
  journal={Oxford Review of Economic Policy},
  volume={19},
  number={2},
  pages={235--249},
  year={2003},
  publisher={Oxford University Press}
}

@article{cameron2004public,
  title={{Public Accountability: Effectiveness, Equity, Ethics}},
  author={Cameron, Wayne},
  journal={Australian Journal of Public Administration},
  volume={63},
  number={4},
  pages={59--67},
  year={2004},
  publisher={Wiley Online Library}
}

@article{o1998horizontal,
  title={{Horizontal Accountability in New Democracies}},
  author={O'Donnell, Guillermo A},
  journal={Journal of Democracy},
  volume={9},
  number={3},
  pages={112--126},
  year={1998},
  publisher={Johns Hopkins University Press}
}

@article{wenar2006accountability,
  title={{Accountability in International Development Aid}},
  author={Wenar, Leif},
  journal={Ethics \& International Affairs},
  volume={20},
  number={1},
  pages={1--23},
  year={2006},
  publisher={Cambridge University Press}
}

@article{deininger2005does,
  title={{Does Greater Accountability Improve the Quality of Public Service Delivery? Evidence from Uganda}},
  author={Deininger, Klaus and Mpuga, Paul},
  journal={World Development},
  volume={33},
  number={1},
  pages={171--191},
  year={2005},
  publisher={Elsevier}
}

@article{adsera2003you,
  title={{Are You Being Served? Political Accountability and Quality of Government}},
  author={Adsera, Alicia and Boix, Carles and Payne, Mark},
  journal={The Journal of Law, Economics, and Organization},
  volume={19},
  number={2},
  pages={445--490},
  year={2003},
  publisher={Oxford University Press}
}

@article{moncrieffe1998reconceptualizing,
  title={{Reconceptualizing Political Accountability}},
  author={Moncrieffe, Joy Marie},
  journal={International Political Science Review},
  volume={19},
  number={4},
  pages={387--406},
  year={1998},
  publisher={Sage Publications for the International Political Science Association}
}

@incollection{freire2010ngp,
  author      = "Danilo Freire",
  title       = {{Nova Gestão Pública e Democracia no Brasil}},
  editor      = "Rainer Erkens",
  booktitle   = "Nova Gestão Pública",
  publisher   = "Friedrich Naumann Stiftung",
  year        = "2010",
  pages       = "9--16",
  chapter     = 1,
}

@article{bjorkman2009power,
  title={{Power to the People: Evidence from a Randomized Field Experiment of a Community-Based Monitoring Project in Uganda}},
  author={Bj{\"o}rkman, Martina and Svensson, Jakob},
  journal={Quarterly Journal of Economics},
  volume={124},
  number={2},
  pages={735--769},
  year={2009}
}

@article{mulgan2000accountability,
  title={{`Accountability': An Ever-Expanding Concept?}},
  author={Mulgan, Richard},
  journal={Public Administration},
  volume={78},
  number={3},
  pages={555--573},
  year={2000},
  publisher={Wiley Online Library}
}

@article{finer1941administrative,
  title={{Administrative Responsibility in Democratic Government}},
  author={Finer, Herman},
  journal={Public Administration Review},
  volume={1},
  number={4},
  pages={335--350},
  year={1941},
  publisher={JSTOR}
}

@article{o1990bureaucratic,
  title={{What is Bureaucratic Accountability and How Can We Measure It?}},
  author={O'Loughlin, Michael G},
  journal={Administration \& Society},
  volume={22},
  number={3},
  pages={275--302},
  year={1990},
  publisher={Sage Publications Sage CA: Thousand Oaks, CA}
}

@article{benhabib2010economic,
author = {Benhabib, Jess and Przeworski, Adam},
title = {{Economic Growth under Political Accountability}},
journal = {International Journal of Economic Theory},
volume = {6},
number = {1},
pages = {77-95},
keywords = {growth, accountability, elections, efficiency wages, D72, O43},
doi = {10.1111/j.1742-7363.2009.00123.x},
url = {https://onlinelibrary.wiley.com/doi/abs/10.1111/j.1742-7363.2009.00123.x},
eprint = {https://onlinelibrary.wiley.com/doi/pdf/10.1111/j.1742-7363.2009.00123.x},
abstract = {We examine the impact of political and criminal accountability on economic growth. Governments seek to maximize their own consumption by extracting rents that are costly to growth. When citizens are able to depose politicians through elections, governments are tightly controlled. The rents politicians are able to extract increase in the length of their term. The effect of the threshold of criminal responsibility on the ability of voters to control politicians is non-monotonic. When tenure in power does not depend on economic performance, rent extraction is limited only by the effectiveness of oversight mechanisms but does not depend on time horizons of the rulers. Accumulation constraint binds only rulers who are neither politically nor criminally accountable.},
year = {2010}
}

@article{knack1997does,
  title={{Does Social Capital Have An Economic Payoff? A Cross-Country Investigation}},
  author={Knack, Stephen and Keefer, Philip},
  journal={The Quarterly Journal of Economics},
  volume={112},
  number={4},
  pages={1251--1288},
  year={1997},
  publisher={MIT Press}
}

@article{cox2018executive,
  title={{Executive Constraint, Political Stability, and Economic Growth}},
  author={Cox, Gary W and Weingast, Barry R},
  journal={Comparative Political Studies},
  volume={51},
  number={3},
  pages={279--303},
  year={2018},
  publisher={SAGE Publications Sage CA: Los Angeles, CA}
}

@article{suebvises2018social,
  title={{Social Capital, Citizen Participation in Public Administration, and Public Sector Performance in Thailand}},
  author={Suebvises, Ploy},
  journal={World Development},
  volume={109},
  pages={236--248},
  year={2018},
  publisher={Elsevier}
}

@techreport{ponzetto2018social,
  title={{Social Capital, Government Expenditures and Growth}},
  author={Ponzetto, Giacomo AM and Troiano, Ugo},
  year={2018},
  institution={National Bureau of Economic Research}
}

@misc{raffler2018weakness,
  title={{The Weakness of Bottom-Up Accountability: Experimental Evidence from the Ugandan Health Sector}},
  author={Raffler, Pia and Posner, Daniel N and Parkerson, Doug},
  howpublished={\url{https://bit.ly/2LPL6Nm}},
  year={2018}
}

@article{molina2016community,
  title={{Community Monitoring Interventions to Curb Corruption and Increase Access and Quality of Service Delivery in Low-and Middle-Income Countries: A Systematic Review}},
  author={Molina, Ezequiel and Carella, Laura and Pacheco, Ana and Cruces, Guillermo and Gasparini, Leonardo},
  journal={Campbell Systematic Reviews},
  volume={12},
  year={2016},
  publisher={The Campbell Collaboration}
}

@article{kosack2014does,
  title={{Does Transparency Improve Governance?}},
  author={Kosack, Stephen and Fung, Archon},
  journal={Annual Review of Political Science},
  volume={17},
  pages={65--87},
  year={2014},
  publisher={Annual Reviews}
}

@article{serra2011combining,
  title={{Combining Top-Down and Bottom-Up Accountability: Evidence from a Bribery Experiment}},
  author={Serra, Danila},
  journal={The Journal of Law, Economics, \& Organization},
  volume={28},
  number={3},
  pages={569--587},
  year={2011},
  publisher={Oxford University Press}
}

@misc{statista2019facebook,
  title={{Number of Facebook Users in Brazil from 2017 to 2023 (in Millions)}},
  author={Statista},
  howpublished={\url{https://www.statista.com/statistics/244936/number-of-facebook-users-in-brazil/}},
  year={2018}
}

@article{ferejohn1986incumbent,
  title={{Incumbent Performance and Electoral Control}},
  author={Ferejohn, John},
  journal={Public Choice},
  volume={50},
  number={1},
  pages={5--25},
  year={1986},
  publisher={Springer}
}

@article{barro1973control,
  title={{The Control of Politicians: An Economic Model}},
  author={Barro, Robert J},
  journal={Public Choice},
  volume={14},
  number={1},
  pages={19--42},
  year={1973},
  publisher={Springer}
}

@misc{fiala2017social,
  title={{Social Accountability and Service Delivery: Evidence from a Large-Scale Experiment in Uganda}},
  author={Fiala, Nathan and Premand, Patrick},
  year={2017},
  howpublished={\url{https://sites.tufts.edu/neudc2017/files/2017/10/Social-accountability-and-service-delivery.pdf}}
}

@article{banerjee2018tangible,
  title={{Tangible Information and Citizen Empowerment: Identification Cards and Food Subsidy Programs in Indonesia}},
  author={Banerjee, Abhijit and Hanna, Rema and Kyle, Jordan and Olken, Benjamin A and Sumarto, Sudarno},
  journal={Journal of Political Economy},
  volume={126},
  number={2},
  pages={451--491},
  year={2018},
  publisher={University of Chicago Press Chicago, IL}
}

@article{olken2007monitoring,
  title={{Monitoring Corruption: Evidence from a Field Experiment in Indonesia}},
  author={Olken, Benjamin A},
  journal={Journal of Political Economy},
  volume={115},
  number={2},
  pages={200--249},
  year={2007},
  publisher={The University of Chicago Press}
}

@article{banerjee2010pitfalls,
  title={{Pitfalls of Participatory Programs: Evidence from a Randomized Evaluation in Education in India}},
  author={Banerjee, Abhijit V and Banerji, Rukmini and Duflo, Esther and Glennerster, Rachel and Khemani, Stuti},
  journal={American Economic Journal: Economic Policy},
  volume={2},
  number={1},
  pages={1--30},
  year={2010}
}

@article{keefer2014mass,
  title={{Mass Media and Public Education: The Effects of Access to Community Radio in Benin}},
  author={Keefer, Philip and Khemani, Stuti},
  journal={Journal of Development Economics},
  volume={109},
  pages={57--72},
  year={2014},
  publisher={Elsevier}
}

@article{reinikka2005fighting,
  title={{Fighting Corruption to Improve Schooling: Evidence from a Newspaper Campaign in Uganda}},
  author={Reinikka, Ritva and Svensson, Jakob},
  journal={Journal of the European Economic Association},
  volume={3},
  number={2-3},
  pages={259--267},
  year={2005},
  publisher={Oxford University Press}
}

@article{lieberman2014does,
  title={{Does Information Lead to More Active Citizenship? Evidence from an Education Intervention in Rural Kenya}},
  author={Lieberman, Evan S and Posner, Daniel N and Tsai, Lily L},
  journal={World Development},
  volume={60},
  pages={69--83},
  year={2014},
  publisher={Elsevier}
}

@article{bjorkman2017experimental,
  title={{Experimental Evidence on the Long-Run Impact of Community-Based Monitoring}},
  author={Bj{\"o}kman Nyqvist, Martina and de Walque, Damien and Svensson, Jakob},
  journal={American Economic Journal: Applied Economics},
  volume={9},
  number={1},
  pages={33--69},
  year={2017}
}

@book{olson1965logic,
  title={The Logic of Collective Action},
  author={Olson, Mancur},
  year={1965}, 
	publisher={Cambridge, MA: Harvard University Press} 
} 

@article{mello2016fix,
  title={{How to Fix Brazil: Breaking Addiction to Bad Government}},
  author={Mello, Eduardo and Spektor, Matias},
  journal={Foreign Affairs},
  volume={95},
  pages={102--110},
  year={2016},
  publisher={HeinOnline}
}

@article{rossi2016impactos,
  title={{Impactos do Novo Regime Fiscal na Sa{\'u}de e Educa{\c{c}}{\~a}o}},
  author={Rossi, Pedro and Dweck, Esther},
  journal={Cadernos de Sa{\'u}de P{\'u}blica},
  volume={32},
  pages={1--5},
  year={2016},
  publisher={SciELO Public Health}
}

@article{arias2019information,
  title={{Information Provision, Voter Coordination, and Electoral Accountability: Evidence from Mexican Social Networks}},
  author={Arias, Eric and Bal{\'a}n, Pablo and Larreguy, Horacio and Marshall, John and Querub{\'\i}n, Pablo},
  journal={American Political Science Review},
  volume={113},
  number={2},
  pages={475--498},
  year={2019},
  publisher={Cambridge University Press}
}

@misc{coppock2019ri2,
 title = {{ri2: Randomization Inference for Randomized Experiments}},
    author = {Alexander Coppock},
    year = {2019},
    note = {R package version 0.1.2},
    howpublished = {\url{https://CRAN.R-project.org/package=ri2}}
}

@book{gerber2012field,
  title={{Field Experiments: Design, Analysis, and Interpretation}},
  author={Gerber, Alan S and Green, Donald P},
  year={2012},
  publisher={New York City, NY: WW Norton}
}

